<?xml version="1.0" encoding="UTF-8"?><collection xmlns="http://www.loc.gov/MARC21/slim"><record><leader>00351nam--2200157-u-4500</leader><controlfield tag="001">000051159</controlfield><controlfield tag="002">20161230</controlfield><controlfield tag="005">20161230201049</controlfield><controlfield tag="008">080527s1000------------r-----000-0-eng-d</controlfield><datafield ind1=" " ind2=" " tag="040"><subfield code="a">IFIN-HH</subfield></datafield><datafield ind1=" " ind2=" " tag="080"><subfield code="a">512.94</subfield></datafield><datafield ind1="1" ind2=" " tag="100"><subfield code="a">Lagallin,M</subfield></datafield><datafield ind1="1" ind2="0" tag="245"><subfield code="a">Vektornoe Ischislenie</subfield></datafield><datafield ind1=" " ind2=" " tag="260"><subfield code="a">Moskva</subfield><subfield code="c">1936</subfield></datafield><datafield ind1=" " ind2=" " tag="852"><subfield code="c">512.94</subfield></datafield><datafield ind1=" " ind2=" " tag="CAT"><subfield code="a">Sys</subfield><subfield code="c">20080527</subfield><subfield code="h">091015</subfield></datafield></record></collection>